@INPROCEEDINGS{Apel08featurefeatherweight,
	author = {Sven Apel and Christian Kästner and Christian Lengauer},
	title = {Feature Featherweight Java: A calculus for feature-oriented programming and stepwise refinement},
	booktitle = {In Proceedings of the 7th International Conference on Generative Programming and Component Engineering (GPCE},
	year = {2008},
	publisher = {ACM Press}
}

@INPROCEEDINGS{Igarashi99featherweightjava:,
	author = {Atsushi Igarashi and Benjamin C. Pierce and Philip Wadler},
	title = {Featherweight Java: A Minimal Core Calculus for Java and GJ},
	booktitle = {ACM Transactions on Programming Languages and Systems},
	year = {1999},
	pages = {132--146}
}

@INPROCEEDINGS{type_checking_spl,
	author = { Christian Kästner and Sven Apel},
	title = {Type-Checking Software Product Lines},
	booktitle = {ASE '08 Proceedings of the 2008 23rd IEEE/ACM 
	International Conference on Automated Software Engineering},
	year = {2008},
	pages = {258-267}
}
