@inproceedings{bracha-ecoop1990,
 author = {Bracha, Gilad and Cook, William},
 title = {Mixin-based Inheritance},
 booktitle = {Proceedings of the European Conference on Object-oriented Programming on Object-oriented Programming Systems, Languages, and Applications},
 series = {OOPSLA/ECOOP '90},
 year = {1990},
 isbn = {0-89791-411-2},
 location = {Ottawa, Canada},
 pages = {303--311},
 numpages = {9},
 url = {http://doi.acm.org/10.1145/97945.97982},
 doi = {10.1145/97945.97982},
 acmid = {97982},
 publisher = {ACM},
 address = {New York, NY, USA},
} 


@ARTICLE{batory-tse2004, 
author={D. Batory and J. N. Sarvela and A. Rauschmayer}, 
journal={IEEE Transactions on Software Engineering}, 
title={Scaling step-wise refinement}, 
year={2004}, 
volume={30}, 
number={6}, 
pages={355-371}, 
doi={10.1109/TSE.2004.23}, 
ISSN={0098-5589}, 
month={June}}

@inproceedings{prehofer_feature-oriented_1997,
	title = {Feature-oriented programming: {A} fresh look at objects},
	shorttitle = {Feature-oriented programming},
	url = {https://link.springer.com/chapter/10.1007/BFb0053389},
	doi = {10.1007/BFb0053389},
	language = {en},
	urldate = {2017-05-27},
	booktitle = {{ECOOP}'97 — {Object}-{Oriented} {Programming}},
	publisher = {Springer, Berlin, Heidelberg},
	author = {Prehofer, Christian},
	month = jun,
	year = {1997},
	pages = {419--443},
	file = {Snapshot:C\:\\Users\\pedroabreu\\AppData\\Roaming\\Mozilla\\Firefox\\Profiles\\lhxyz6dj.default\\zotero\\storage\\D5U7N8XR\\10.html:text/html}
}

@inproceedings{apel_feature_2008,
	address = {New York, NY, USA},
	series = {{GPCE} '08},
	title = {Feature {Featherweight} {Java}: {A} {Calculus} for {Feature}-oriented {Programming} and {Stepwise} {Refinement}},
	isbn = {978-1-60558-267-2},
	shorttitle = {Feature {Featherweight} {Java}},
	url = {http://doi.acm.org/10.1145/1449913.1449931},
	doi = {10.1145/1449913.1449931},
	urldate = {2017-05-27},
	booktitle = {Proceedings of the 7th {International} {Conference} on {Generative} {Programming} and {Component} {Engineering}},
	publisher = {ACM},
	author = {Apel, Sven and K\"astner, Christian and Lengauer, Christian},
	year = {2008},
	keywords = {featherweight java, feature-oriented programming, safe feature composition, stepwise refinement, type systems},
	pages = {101--112}
}

@article{igarashi_featherweight_2001,
	title = {Featherweight {Java}: {A} {Minimal} {Core} {Calculus} for {Java} and {GJ}},
	volume = {23},
	issn = {0164-0925},
	shorttitle = {Featherweight {Java}},
	url = {http://doi.acm.org/10.1145/503502.503505},
	doi = {10.1145/503502.503505},
	number = {3},
	urldate = {2017-05-27},
	journal = {ACM Trans. Program. Lang. Syst.},
	author = {Igarashi, Atsushi and Pierce, Benjamin C. and Wadler, Philip},
	month = may,
	year = {2001},
	keywords = {Compilation, generic classes, Java, language design, language semantics},
	pages = {396--450}
}

@inproceedings{batory_tutorial_2003,
	address = {Washington, DC, USA},
	series = {{ICSE} '03},
	title = {A {Tutorial} on {Feature} {Oriented} {Programming} and {Product}-lines},
	isbn = {978-0-7695-1877-0},
	url = {http://dl.acm.org/citation.cfm?id=776816.776935},
	urldate = {2017-05-27},
	booktitle = {Proceedings of the 25th {International} {Conference} on {Software} {Engineering}},
	publisher = {IEEE Computer Society},
	author = {Batory, Don},
	year = {2003},
	pages = {753--754}
}


@inproceedings{batory_jts:_1998,
	title = {{JTS}: tools for implementing domain-specific languages},
	shorttitle = {{JTS}},
	doi = {10.1109/ICSR.1998.685739},
	booktitle = {Proceedings. {Fifth} {International} {Conference} on {Software} {Reuse} ({Cat}. {No}.98TB100203)},
	author = {Batory, D. and Lofaso, B. and Smaragdakis, Y.},
	month = jun,
	year = {1998},
	keywords = {compiler generators, component-based generators, Computer languages, cost, Costs, Data structures, domain-independent tools, domain-specific languages, Domain specific languages, DSL, generator development, GenVoca generators, high level languages, industrial programming languages, Jakarta Tool Suite, Java, JTS, precompiler-compiler tools, Productivity, programming environments, Programming profession, Program processors, Software maintenance, software reusability, software reuse, software tools},
	pages = {143--153},
	file = {IEEE Xplore Abstract Record:D\:\\Users\\x01205375163\\AppData\\Roaming\\Mozilla\\Firefox\\Profiles\\cxvkzn0h.default-1473962059047\\zotero\\storage\\XXB9C9SJ\\685739.html:text/html}
}

@inproceedings{batory_achieving_2000,
	title = {Achieving {Extensibility} through {Product}-{Lines} and {Domain}-{Specific} {Languages}: {A} {Case} {Study}},
	shorttitle = {Achieving {Extensibility} through {Product}-{Lines} and {Domain}-{Specific} {Languages}},
	url = {https://link.springer.com/chapter/10.1007/978-3-540-44995-9_8},
	doi = {10.1007/978-3-540-44995-9_8},
	language = {en},
	urldate = {2017-05-31},
	booktitle = {Software {Reuse}: {Advances} in {Software} {Reusability}},
	publisher = {Springer, Berlin, Heidelberg},
	author = {Batory, Don and Johnson, Clay and MacDonald, Bob and Heeder, Dale von},
	month = jun,
	year = {2000},
	pages = {117--136},
	file = {Snapshot:D\:\\Users\\x01205375163\\AppData\\Roaming\\Mozilla\\Firefox\\Profiles\\cxvkzn0h.default-1473962059047\\zotero\\storage\\WT56WA7F\\978-3-540-44995-9_8.html:text/html}
}

@article{batory_design_1992,
	title = {The {Design} and {Implementation} of {Hierarchical} {Software} {Systems} with {Reusable} {Components}},
	volume = {1},
	issn = {1049-331X},
	url = {http://doi.acm.org/10.1145/136586.136587},
	doi = {10.1145/136586.136587},
	number = {4},
	urldate = {2017-05-31},
	journal = {ACM Trans. Softw. Eng. Methodol.},
	author = {Batory, Don and O'Malley, Sean},
	month = oct,
	year = {1992},
	keywords = {domain modeling, open system architectures, reuse, software building-blocks, software design},
	pages = {355--398}
}

@inproceedings{kurt_stirewalt_component-based_2001,
	address = {Washington, DC, USA},
	series = {{ICSE} '01},
	title = {A {Component}-based {Approach} to {Building} {Formal} {Analysis} {Tools}},
	isbn = {978-0-7695-1050-7},
	url = {http://dl.acm.org/citation.cfm?id=381473.381491},
	urldate = {2017-05-31},
	booktitle = {Proceedings of the 23rd {International} {Conference} on {Software} {Engineering}},
	publisher = {IEEE Computer Society},
	author = {Kurt Stirewalt, R. E. and Dillon, Laura K.},
	year = {2001},
	pages = {167--176}
}


@inproceedings{batory_feature-oriented_2004,
	title = {Feature-oriented programming and the {AHEAD} tool suite},
	doi = {10.1109/ICSE.2004.1317496},
	booktitle = {Proceedings. 26th {International} {Conference} on {Software} {Engineering}},
	author = {Batory, D.},
	month = may,
	year = {2004},
	keywords = {AHEAD tool suite, Algebra, application analysis, application optimization, Application software, application synthesis, Automatic programming, declarative specifications, Design optimization, Domain specific languages, feature-oriented programming, FOP technology, Java, Large-scale systems, object-oriented programming, Prototypes, Query processing, Software engineering, software tools, target application},
	pages = {702--703},
	file = {IEEE Xplore Abstract Record:D\:\\Users\\x01205375163\\AppData\\Roaming\\Mozilla\\Firefox\\Profiles\\cxvkzn0h.default-1473962059047\\zotero\\storage\\5T4XAXSN\\1317496.html:text/html}
}

@inproceedings{apel_superimposition:_2008,
	title = {Superimposition: {A} {Language}-{Independent} {Approach} to {Software} {Composition}},
	shorttitle = {Superimposition},
	url = {https://link.springer.com/chapter/10.1007/978-3-540-78789-1_2},
	doi = {10.1007/978-3-540-78789-1_2},
	language = {en},
	urldate = {2017-05-31},
	booktitle = {Software {Composition}},
	publisher = {Springer, Berlin, Heidelberg},
	author = {Apel, Sven and Lengauer, Christian},
	month = mar,
	year = {2008},
	pages = {20--35},
	file = {Snapshot:D\:\\Users\\x01205375163\\AppData\\Roaming\\Mozilla\\Firefox\\Profiles\\cxvkzn0h.default-1473962059047\\zotero\\storage\\3IRFH4QQ\\978-3-540-78789-1_2.html:text/html}
}

@inproceedings{apel_featurec++:_2005,
	title = {{FeatureC}++: {On} the {Symbiosis} of {Feature}-{Oriented} and {Aspect}-{Oriented} {Programming}},
	shorttitle = {{FeatureC}++},
	url = {https://link.springer.com/chapter/10.1007/11561347_10},
	doi = {10.1007/11561347_10},
	language = {en},
	urldate = {2017-05-31},
	booktitle = {Generative {Programming} and {Component} {Engineering}},
	publisher = {Springer, Berlin, Heidelberg},
	author = {Apel, Sven and Leich, Thomas and Rosenmüller, Marko and Saake, Gunter},
	month = sep,
	year = {2005},
	pages = {125--140},
	file = {Snapshot:D\:\\Users\\x01205375163\\AppData\\Roaming\\Mozilla\\Firefox\\Profiles\\cxvkzn0h.default-1473962059047\\zotero\\storage\\ITQP2CPZ\\11561347_10.html:text/html}
}

@inproceedings{schaefer_delta-oriented_2010,
	title = {Delta-{Oriented} {Programming} of {Software} {Product} {Lines}},
	url = {https://link.springer.com/chapter/10.1007/978-3-642-15579-6_6},
	doi = {10.1007/978-3-642-15579-6_6},
	language = {en},
	urldate = {2017-05-31},
	booktitle = {Software {Product} {Lines}: {Going} {Beyond}},
	publisher = {Springer, Berlin, Heidelberg},
	author = {Schaefer, Ina and Bettini, Lorenzo and Bono, Viviana and Damiani, Ferruccio and Tanzarella, Nico},
	month = sep,
	year = {2010},
	pages = {77--91},
	file = {Snapshot:D\:\\Users\\x01205375163\\AppData\\Roaming\\Mozilla\\Firefox\\Profiles\\cxvkzn0h.default-1473962059047\\zotero\\storage\\3GND2ZIS\\978-3-642-15579-6_6.html:text/html}
}